<collection xmlns="http://www.loc.gov/MARC21/slim">
<record>
  <leader>01533nam0a22002651i 450 </leader>
  <controlfield tag="001">IT\ICCU\CNCE\048582</controlfield>
  <controlfield tag="005">20001031000000.0</controlfield>
  <datafield tag="012" ind1=" " ind2=" ">
    <subfield code="a">x-t- o-26 u-od no3A (3) 1588 (R)</subfield>
    <subfield code="2">fei</subfield>
  </datafield>
  <datafield tag="100" ind1=" " ind2=" ">
    <subfield code="a">19990427d1588        0itac0103    ba</subfield>
  </datafield>
  <datafield tag="101" ind1=" " ind2=" ">
    <subfield code="a">LAT</subfield>
  </datafield>
  <datafield tag="102" ind1=" " ind2=" ">
    <subfield code="a">IT</subfield>
  </datafield>
  <datafield tag="200" ind1="1" ind2=" ">
    <subfield code="a">℗D.A. ℗Tractatus inter militem sacrum. Et militem secularem. De duello super verbis Matth. cap. =V=5.^: diligite inimico</subfield>
  </datafield>
  <datafield tag="210" ind1=" " ind2=" ">
    <subfield code="a"></subfield>
    <subfield code="c">apud Sebastianum { Donnis</subfield>
    <subfield code="d">1588</subfield>
    <subfield code="e"></subfield>
    <subfield code="g">apud Sebastianum { Donnis</subfield>
    <subfield code="h">1588</subfield>
  </datafield>
  <datafield tag="215" ind1=" " ind2=" ">
    <subfield code="a">\40!, 300 p.</subfield>
    <subfield code="d"></subfield>
  </datafield>
  <datafield tag="300" ind1=" " ind2=" ">
    <subfield code="a"></subfield>
  </datafield>
  <datafield tag="620" ind1=" " ind2=" ">
    <subfield code="a">IT</subfield>
    <subfield code="d">Verona</subfield>
  </datafield>
  <datafield tag="700" ind1=" " ind2="1">
    <subfield code="a">Zanchi,</subfield>
    <subfield code="b">Lelio</subfield>
    <subfield code="3">IT\ICCU\CNCA\007424</subfield>
  </datafield>
  <datafield tag="712" ind1="0" ind2="0">
    <subfield code="a">Dalle_Donne, Sebastiano</subfield>
    <subfield code="3">IT\ICCU\CNCT\000563</subfield>
    <subfield code="4">650</subfield>
  </datafield>
  <datafield tag="790" ind1=" " ind2="1">
    <subfield code="a">Zanchius,</subfield>
    <subfield code="b">Laelius</subfield>
    <subfield code="3">IT\ICCU\CNCA\025594</subfield>
    <subfield code="z">Zanchi, Lelio</subfield>
  </datafield>
  <datafield tag="791" ind1="0" ind2="0">
    <subfield code="a">Donnis, Sebastianus a</subfield>
    <subfield code="3">IT\ICCU\CNCT\003704</subfield>
    <subfield code="z">Dalle_Donne, Sebastiano</subfield>
  </datafield>
  <datafield tag="791" ind1="0" ind2="0">
    <subfield code="a">Donne, Sebastiano dalle</subfield>
    <subfield code="3">IT\ICCU\CNCT\004480</subfield>
    <subfield code="z">Dalle_Donne, Sebastiano</subfield>
  </datafield>
  <datafield tag="791" ind1="0" ind2="0">
    <subfield code="a">Donne, Bastiano dalle</subfield>
    <subfield code="3">IT\ICCU\CNCT\004481</subfield>
    <subfield code="z">Dalle_Donne, Sebastiano</subfield>
  </datafield>
  <datafield tag="801" ind1=" " ind2="3">
    <subfield code="a">IT</subfield>
    <subfield code="b">ICCU</subfield>
    <subfield code="c">20201115</subfield>
  </datafield>
  <datafield tag="899" ind1=" " ind2=" ">
    <subfield code="a">Biblioteca delle Facolt ̉di giurisprudenza e di lettere e filosofia dell&apos;Universit ̉degli studi di Milano. Milano</subfield>
    <subfield code="1">MI0190</subfield>
    <subfield code="2">USM A6</subfield>
  </datafield>
  <datafield tag="899" ind1=" " ind2=" ">
    <subfield code="a">Biblioteca universitaria Alessandrina. Roma</subfield>
    <subfield code="1">RM0280</subfield>
    <subfield code="2">RML 01</subfield>
  </datafield>
</record>
</collection>
